@article{Erle12limits,
  title={The limits of the nuclear landscape},
  author={Erler, J. and Birge, N. and Kortelainen, M. and Nazarewicz, W. and Olsen, E. and Perhac, A.M. and Stoitsov, M.},
  journal={Nature},
  volume={486},
  number={7404},
  pages={509--512},
  year={2012},
  publisher={Nature Publishing Group}
}
@article{Tich20jcoupling,
    author = "Tichai, A. and Wirth, R. and Ripoche, J. and Duguet, T.",
    eprint- = "2002.05011",
    month = "2",
    title = "{Symmetry reduction of tensor networks in many-body theory I. Automated symbolic evaluation of $SU(2)$ algebra}",
    year = "2020"
}
@article{Nogg05pertchieft,
    author = "Nogga, A. and Timmermans, R.G.E. and van Kolck, U.",
    doi- = "10.1103/PhysRevC.72.054006",
    eprint- = "nucl-th/0506005",
    journal = "Phys.\ Rev.\ C",
    pages = "054006",
    reportNumber = "FZJ-IKP-TH-2005-19",
    title = "{Renormalization of one-pion exchange and power counting}",
    volume = "72",
    year = "2005"
}
@article{Bern11chi3n2,
    author = "Bernard, V. and Epelbaum, E. and Krebs, H. and Meissner, U.-G.",
    doi- = "10.1103/PhysRevC.84.054001",
    eprint- = "1108.3816",
    journal = "Phys.\ Rev.\ C",
    pages = "054001",
    title = "{Subleading contributions to the chiral three-nucleon force II: Short-range terms and relativistic corrections}",
    volume = "84",
    year = "2011"
}
@article{Ishi07chi3n,
    author = "Ishikawa, S. and Robilotta, M.R.",
    doi- = "10.1103/PhysRevC.76.014006",
    eprint- = "0704.0711",
    journal = "Phys.\ Rev.\ C",
    pages = "014006",
    title = "{Two-pion exchange three-nucleon potential: O(q**4) chiral expansion}",
    volume = "76",
    year = "2007"
}
@article{Bern07chi3n1,
    author = "Bernard, V. and Epelbaum, E. and Krebs, H. and Meissner, Ulf-G.",
    doi- = "10.1103/PhysRevC.77.064004",
    eprint- = "0712.1967",
    journal = "Phys.\ Rev.\ C",
    pages = "064004",
    reportNumber = "FZJ-IKP-TH-2007-33, HISKP-TH-07-27",
    title = "{Subleading contributions to the chiral three-nucleon force. I. Long-range terms}",
    volume = "77",
    year = "2008"
}
@article{Mach11chiraleft,
    author = "Machleidt, R. and Entem, D.R.",
    doi- = "10.1016/j.physrep.2011.02.001",
    eprint- = "1105.2919",
    journal = "Phys.\ Rept.",
    pages = "1--75",
    title = "{Chiral effective field theory and nuclear forces}",
    volume = "503",
    year = "2011"
}
@article{Epel08chiraleft,
    author = "Epelbaum, Evgeny and Hammer, Hans-Werner and Mei√üner, Ulf-G.",
    doi- = "10.1103/RevModPhys.81.1773",
    eprint- = "0811.1338",
    journal = "Rev.\ Mod.\ Phys.",
    pages = "1773--1825",
    reportNumber = "HISKP-TH-08-18, FZJ-IKP-TH-2008-20",
    title = "{Modern Theory of Nuclear Forces}",
    volume = "81",
    year = "2009"
}
@article{Poli73asymfreedom,
  title = {Reliable Perturbative Results for Strong Interactions?},
  author = {Politzer, H. David},
  journal = {Phys. Rev. Lett.},
  volume = {30},
  issue = {26},
  pages = {1346--1349},
  numpages = {0},
  year = {1973},
  month = {Jun},
  publisher = {American Physical Society},
  doi- = {10.1103/PhysRevLett.30.1346},
  url = {https://link.aps.org/doi/10.1103/PhysRevLett.30.1346}
}
@article{Gros73asymfreedom,
  title = {Ultraviolet Behavior of Non-Abelian Gauge Theories},
  author = {Gross, David J. and Wilczek, Frank},
  journal = {Phys. Rev. Lett.},
  volume = {30},
  issue = {26},
  pages = {1343--1346},
  numpages = {0},
  year = {1973},
  month = {Jun},
  publisher = {American Physical Society},
  doi- = {10.1103/PhysRevLett.30.1343},
  url = {https://link.aps.org/doi/10.1103/PhysRevLett.30.1343}
}
@article{Mach00CDBonn,
      author         = "Machleidt, R.",
      title          = "{High precision, charge dependent Bonn
                        nucleon-nucleon potential}",
      journal        = "Phys. Rev. C",
      volume         = "63",
      year           = "2001",
      pages          = "024001",
      doi-           = "10.1103/PhysRevC.63.024001",
      eprint-        = "nucl-th/0006014",
      SLACcitation   = "%%CITATION = NUCL-TH/0006014;%%"
}
@article{Wiri95AV18,
      author         = "Wiringa, Robert B. and Stoks, V. G. J. and Schiavilla,
                        R.",
      title          = "{Accurate nucleon-nucleon potential with charge
                        independence breaking}",
      journal        = "Phys. Rev. C",
      volume         = "51",
      year           = "1995",
      pages          = "38",
      doi-           = "10.1103/PhysRevC.51.38",
      eprint-        = "nucl-th/9408016",
      SLACcitation   = "%%CITATION = NUCL-TH/9408016;%%"
}
@article{Rich63pairing_hamiltonian,
title = "A restricted class of exact eigenstates of the pairing-force Hamiltonian",
journal = "Physics Letters",
volume = "3",
number = "6",
pages = "277 - 279",
year = "1963",
issn = "0031-9163",
doi- = "https://doi.org/10.1016/0031-9163(63)90259-2",
url = "http://www.sciencedirect.com/science/article/pii/0031916363902592",
author = "R.W. Richardson"
}
@article{Bard57bcs,
    author = "Bardeen, John and Cooper, L.N. and Schrieffer, J.R.",
    doi- = "10.1103/PhysRev.108.1175",
    journal = "Phys.\ Rev.",
    pages = "1175--1204",
    title = "{Theory of superconductivity}",
    volume = "108",
    year = "1957"
}
@article{Coop56pairing_hamiltonian,
    author = "Cooper, Leon N.",
    doi- = "10.1103/PhysRev.104.1189",
    journal = "Phys.\ Rev.",
    pages = "1189--1190",
    title = "{Bound electron pairs in a degenerate Fermi gas}",
    volume = "104",
    year = "1956"
}
@article{Herg09intrinsicham,
    author = "Hergert, H. and Roth, R.",
    doi- = "10.1016/j.physletb.2009.10.100",
    eprint- = "0908.1334",
    journal = "Phys.\ Lett.\ B",
    pages = "27--32",
    reportNumber = "INT-PUB-09-040",
    title = "{Treatment of the Intrinsic Hamiltonian in Particle-Number Nonconserving Theories}",
    volume = "682",
    year = "2009"
}
@article{Stro15imsrgcpp,
    author = "Stroberg, S.R. and Hergert, H. and Holt, J.D. and Bogner, S.K. and Schwenk, A.",
    doi- = "10.1103/PhysRevC.93.051301",
    eprint- = "1511.02802",
    journal = "Phys.\ Rev.\ C",
    number = "5",
    pages = "051301",
    title = "{Ground and excited states of doubly open-shell nuclei from ab initio valence-space Hamiltonians}",
    volume = "93",
    year = "2016"
}
@article{Liet16lecnotesphysics,
      author         = "Lietz, Justin and Novario, Sam and Jansen, Gustav R. and
                        Hagen, Gaute and Hjorth-Jensen, Morten",
      title          = "{Computational Nuclear Physics and Post Hartree-Fock
                        Methods}",
      journal        = "Lect. Notes Phys.",
      volume         = "936",
      year           = "2017",
      pages          = "293-399",
      doi-            = "10.1007/978-3-319-53336-0_8",
      eprint-         = "1611.06765",
      SLACcitation   = "%%CITATION = ARXIV:1611.06765;%%"
}
@article{Wils71rg,
    author = "Wilson, Kenneth G.",
    doi- = "10.1103/PhysRevB.4.3174",
    journal = "Phys.\ Rev.\ B",
    pages = "3174--3183",
    title = "{Renormalization group and critical phenomena. 1. Renormalization group and the Kadanoff scaling picture}",
    volume = "4",
    year = "1971"
}
@BOOK{NRC13heartofmatter,
  author    = "National Research Council",
  title     = "Nuclear Physics: Exploring the Heart of Matter",
  isbn      = "978-0-309-26040-4",
  doi-       = "10.17226/13438",
  url       = "https://www.nap.edu/catalog/13438/nuclear-physics-exploring-the-heart-of-matter",
  year      = 2013,
  publisher = "The National Academies Press",
  address   = "Washington, DC"
}
@article{Afan14nuclear_landscape,
      author         = "Afanasjev, A. V. and Agbemava, S. E. and Ray, D. and
                        Ring, P.",
      title          = "{Nuclear energy density functionals: What we can learn
                        about/from their global performance?}",
      booktitle      = "{Proceedings, 4th Conference on Nuclei and Mesoscopic
                        Physics (NMP14): East Lansing, Michigan, May 5-9, 2014}",
      journal        = "AIP Conf. Proc.",
      volume         = "1619",
      year           = "2015",
      number         = "1",
      pages          = "13-23",
      doi-            = "10.1063/1.4899213",
      eprint-         = "1501.04148",
      SLACcitation   = "%%CITATION = ARXIV:1501.04148;%%"
}
@article{Tich20mbptreview,
    author = "Tichai, Alexander and Roth, Robert and Duguet, Thomas",
    archivePrefix = "arXiv",
    eprint = "2001.10433",
    month = "1",
    primaryClass = "nucl-th",
    title = "{Many-body perturbation theories for finite nuclei}",
    year = "2020"
}
@article{Blan09magnusreview,
title = "The Magnus expansion and some of its applications",
journal = "Physics Reports",
volume = "470",
number = "5",
pages = "151 - 238",
year = "2009",
issn = "0370-1573",
doi- = "https://doi.org/10.1016/j.physrep.2008.11.001",
url = "http://www.sciencedirect.com/science/article/pii/S0370157308004092",
author = "S. Blanes and F. Casas and J.A. Oteo and J. Ros",
}
@article{Magn54magnus,
author = {Magnus, Wilhelm},
title = {On the exponential solution of differential equations for a linear operator},
journal = {Communications on Pure and Applied Mathematics},
volume = {7},
number = {4},
pages = {649-673},
doi- = {10.1002/cpa.3160070404},
url = {https://onlinelibrary.wiley.com/doi/abs/10.1002/cpa.3160070404},
eprint- = {https://onlinelibrary.wiley.com/doi/pdf/10.1002/cpa.3160070404},
year = {1954}
}
@article{Dyso49timeorder,
  title = {The Radiation Theories of Tomonaga, Schwinger, and Feynman},
  author = {Dyson, F. J.},
  journal = {Phys. Rev.},
  volume = {75},
  issue = {3},
  pages = {486--502},
  numpages = {0},
  year = {1949},
  month = {Feb},
  publisher = {American Physical Society},
  doi- = {10.1103/PhysRev.75.486},
  url = {https://link.aps.org/doi/10.1103/PhysRev.75.486}
}
@article{Whit02generator,
author = {White,Steven R. },
title = {Numerical canonical transformation approach to quantum many-body problems},
journal = {The Journal of Chemical Physics},
volume = {117},
number = {16},
pages = {7472-7482},
year = {2002},
doi- = {10.1063/1.1508370},

URL = { 
        https://doi.org/10.1063/1.1508370
    
},
eprint- = { 
        https://doi.org/10.1063/1.1508370
}
}
@article{Herg15imsrgphysrep,
    author = "Hergert, H. and Bogner, S.K. and Morris, T.D. and Schwenk, A. and Tsukiyama, K.",
    doi- = "10.1016/j.physrep.2015.12.007",
    eprint- = "1512.06956",
    journal = "Phys.\ Rept.",
    pages = "165--222",
    title = "{The In-Medium Similarity Renormalization Group: A Novel Ab Initio Method for Nuclei}",
    volume = "621",
    year = "2016"
}
@inbook{Herg16imsrglecnotes,
    author = "Hergert, Heiko and Bogner, Scott K. and Lietz, Justin G. and Morris, Titus D. and Novario, Samuel and Parzuchowski, Nathan M. and Yuan, Fei",
    doi- = "10.1007/978-3-319-53336-0\_10",
    eprint- = "1612.08315",
    pages = "477--570",
    title = "{In-Medium Similarity Renormalization Group Approach to the Nuclear Many-Body Problem}",
    volume = "936",
    year = "2017"
}
@article{Kutz97mrno,
author = {Kutzelnigg,Werner  and Mukherjee,Debashis },
title = {Normal order and extended Wick theorem for a multiconfiguration reference wave function},
journal = {The Journal of Chemical Physics},
volume = {107},
number = {2},
pages = {432-449},
year = {1997},
doi- = {10.1063/1.474405},

URL = { 
        https://doi.org/10.1063/1.474405
    
},
eprint- = { 
        https://doi.org/10.1063/1.474405
    
}

}
@article{Hebe12srg3n,
    author = "Hebeler, Kai",
    doi- = "10.1103/PhysRevC.85.021002",
    eprint- = "1201.0169",
    journal = "Phys.\ Rev.\ C",
    pages = "021002",
    title = "{Momentum space evolution of chiral three-nucleon forces}",
    volume = "85",
    year = "2012"
}
@phdthesis{Schu18fourbody,
         address = {Darmstadt},
           month = {February},
          school = {Technische Universit{\"a}t},
          author = {Stefan Schulz},
            year = {2018},
           title = {Four-Nucleon Forces in Ab Initio Nuclear Structure},
             url = {http://tuprints.ulb.tu-darmstadt.de/7384/}
}

@article{Tews12neutronmatter4n,
      author         = "Tews, I. and Kr√ºger, T. and Hebeler, K. and Schwenk, A.",
      title          = "{Neutron matter at next-to-next-to-next-to-leading order
                        in chiral effective field theory}",
      journal        = "Phys. Rev. Lett.",
      volume         = "110",
      year           = "2013",
      number         = "3",
      pages          = "032504",
      doi-            = "10.1103/PhysRevLett.110.032504",
      eprint-         = "1206.0025",
      SLACcitation   = "%%CITATION = ARXIV:1206.0025;%%"
}
@book{Shav09mbpt_cc_book,
  place={Cambridge},
  series={Cambridge Molecular Science},
  title={Many-Body Methods in Chemistry and Physics: MBPT and Coupled-Cluster Theory},
  DOI={10.1017/CBO9780511596834},
  publisher={Cambridge University Press},
  author={Shavitt, Isaiah and Bartlett, Rodney J.},
  year={2009},
  collection={Cambridge Molecular Science}
}
@article{Hu18mbptthreebody,
      author         = "Hu, B. S. and Li, T. and Xu, F. R.",
      title          = "{Ab initio Rayleigh-Schr√∂dinger perturbation calculation
                        including three-body force}",
      year           = "2018",
      eprint-         = "1810.08804",
      SLACcitation   = "%%CITATION = ARXIV:1810.08804;%%"
}
@article{Hage13ccreview,
      author         = "Hagen, G. and Papenbrock, T. and Hjorth-Jensen, M. and
                        Dean, D. J.",
      title          = "{Coupled-cluster computations of atomic nuclei}",
      journal        = "Rept. Prog. Phys.",
      volume         = "77",
      year           = "2014",
      number         = "9",
      pages          = "096302",
      doi            = "10.1088/0034-4885/77/9/096302",
      eprint         = "1312.7872",
      archivePrefix  = "arXiv",
      primaryClass   = "nucl-th",
      SLACcitation   = "%%CITATION = ARXIV:1312.7872;%%"
}
@phdthesis{Tich17phd,
           title = {Many-Body Perturbation Theory for Ab Initio Nuclear Structure},
           month = {November},
         address = {Darmstadt},
          author = {Alexander Tichai},
          school = {Technische Universit{\"a}t},
            year = {2017},
             url = {http://tuprints.ulb.tu-darmstadt.de/6942/}
}
@article{Tich16hohfmbpt,
      author         = "Tichai, Alexander and Langhammer, Joachim and Binder,
                        Sven and Roth, Robert",
      title          = "{Hartree‚ÄìFock many-body perturbation theory for nuclear
                        ground-states}",
      journal        = "Phys. Lett.",
      volume         = "B756",
      year           = "2016",
      pages          = "283-288",
      doi-            = "10.1016/j.physletb.2016.03.029",
      eprint-         = "1601.03703",
      SLACcitation   = "%%CITATION = ARXIV:1601.03703;%%"
}
@article{Wick50wickthm,
      author         = "Wick, G. C.",
      title          = "{The Evaluation of the Collision Matrix}",
      booktitle      = "{Meeting of the Italian School of Physics and Weak
                        Interactions Bologna, Italy, April 26-28, 1984}",
      journal        = "Phys. Rev.",
      volume         = "80",
      year           = "1950",
      pages          = "268-272",
      doi            = "10.1103/PhysRev.80.268",
      note           = "[,592(1950)]",
      SLACcitation   = "%%CITATION = PHRVA,80,268;%%"
}
@article{Glaz93srg,
      author         = "Glazek, Stanislaw D. and Wilson, Kenneth G.",
      title          = "{Renormalization of Hamiltonians}",
      journal        = "Phys. Rev.",
      volume         = "D48",
      year           = "1993",
      pages          = "5863-5872",
      doi-            = "10.1103/PhysRevD.48.5863",
      reportNumber   = "IFT-6-93",
      SLACcitation   = "%%CITATION = PHRVA,D48,5863;%%"
}
@article{Bogn06srg,
      author         = "Bogner, S. K. and Furnstahl, R. J. and Perry, R. J.",
      title          = "{Similarity Renormalization Group for Nucleon-Nucleon
                        Interactions}",
      journal        = "Phys. Rev.",
      volume         = "C75",
      year           = "2007",
      pages          = "061001",
      doi-            = "10.1103/PhysRevC.75.061001",
      eprint-         = "nucl-th/0611045",
      SLACcitation   = "%%CITATION = NUCL-TH/0611045;%%"
}
@article{Wegn94srg,
author = {Wegner, F.},
title = {Flow-equations for Hamiltonians},
journal = {Annalen der Physik},
volume = {506},
number = {2},
pages = {77-91},
keywords = {Many-particle problem, Flow-equations, Diagonalization},
doi- = {10.1002/andp.19945060203},
url = {https://onlinelibrary.wiley.com/doi/abs/10.1002/andp.19945060203},
eprint- = {https://onlinelibrary.wiley.com/doi/pdf/10.1002/andp.19945060203},
abstract = {Abstract Flow-equations are introduced in order to bring Hamiltonians closer to diagonalization. It is characteristic for these equations that matrix-elements between degenerate or almost degenerate states do not decay or decay very slowly. In order to understand different types of physical systems in this framework it is probably necessary to classify various types of these degeneracies and to investigate the corresponding physical behavior. In general these equations generate many-particle interactions. However, for an n-orbital model the equations for the two-particle interaction are closed in the limit of large n. Solutions of these equations for a one-dimensional model are considered. There appear convergency problems, which are removed, if instead of diagonalization only a block-diagonalization into blocks with the same number of quasiparticles is performed.},
year = {1994}
}
@article{Epel18hownottorenormalize,
      author         = "Epelbaum, E. and Gasparyan, A. M. and Gegelia, J. and
                        Mei√üner, Ulf-G.",
      title          = "{How (not) to renormalize integral equations with
                        singular potentials in effective field theory}",
      journal        = "Eur. Phys. J.",
      volume         = "A54",
      year           = "2018",
      number         = "11",
      pages          = "186",
      doi-            = "10.1140/epja/i2018-12632-1",
      eprint-         = "1810.02646",
      SLACcitation   = "%%CITATION = ARXIV:1810.02646;%%"
}
@article{Bean01pertchieft,
      author         = "Beane, S. R. and Bedaque, Paulo F. and Savage, M. J. and
                        van Kolck, U.",
      title          = "{Towards a perturbative theory of nuclear forces}",
      journal        = "Nucl. Phys.",
      volume         = "A700",
      year           = "2002",
      pages          = "377-402",
      doi-            = "10.1016/S0375-9474(01)01324-0",
      eprint-         = "nucl-th/0104030",
      reportNumber   = "NT-UW-01-06, LBNL-47692, RBRC-186, JLAB-THY-02-84",
      SLACcitation   = "%%CITATION = NUCL-TH/0104030;%%"
}
@article{Page74chisymm,
      author         = "Pagels, Heinz",
      title          = "{Departures from Chiral Symmetry: A Review}",
      journal        = "Phys. Rept.",
      volume         = "16",
      year           = "1975",
      pages          = "219",
      doi-            = "10.1016/0370-1573(75)90039-3",
      reportNumber   = "COO-2232B-61",
      SLACcitation   = "%%CITATION = PRPLC,16,219;%%"
}
@article{Hamm19nuceftreview,
      author         = "Hammer, H. -W. and K√∂nig, S. and van Kolck, U.",
      title          = "{Nuclear effective field theory: status and
                        perspectives}",
      year           = "2019",
      eprint-         = "1906.12122",
      SLACcitation   = "%%CITATION = ARXIV:1906.12122;%%"
}
@article{Wein78eft,
      author         = "Weinberg, Steven",
      title          = "{Phenomenological Lagrangians}",
      booktitle      = "{Proceedings, Symposium Honoring Julian Schwinger on the
                        Occasion of his 60th Birthday: Los Angeles, California,
                        February 18-19, 1978}",
      journal        = "Physica",
      volume         = "A96",
      year           = "1979",
      number         = "1-2",
      pages          = "327-340",
      doi-            = "10.1016/0378-4371(79)90223-1",
      reportNumber   = "HUTP-78-A051A",
      SLACcitation   = "%%CITATION = PHYSA,A96,327;%%"
}
@article{Ente03n3lonn,
      author         = "Entem, D. R. and Machleidt, R.",
      title          = "{Accurate charge dependent nucleon nucleon potential at
                        fourth order of chiral perturbation theory}",
      journal        = "Phys. Rev.",
      volume         = "C68",
      year           = "2003",
      pages          = "041001",
      doi-            = "10.1103/PhysRevC.68.041001",
      eprint-         = "nucl-th/0304018",
      SLACcitation   = "%%CITATION = NUCL-TH/0304018;%%"
}
@article{Ente17n4lonn,
      author         = "Entem, D. R. and Machleidt, R. and Nosyk, Y.",
      title          = "{High-quality two-nucleon potentials up to fifth order of
                        the chiral expansion}",
      journal        = "Phys. Rev.",
      volume         = "C96",
      year           = "2017",
      number         = "2",
      pages          = "024004",
      doi-            = "10.1103/PhysRevC.96.024004",
      eprint-         = "1703.05454",
      SLACcitation   = "%%CITATION = ARXIV:1703.05454;%%"
}
@article{Hebe15n3lo3n,
      author         = "Hebeler, K. and Krebs, H. and Epelbaum, E. and Golak, J.
                        and Skibinski, R.",
      title          = "{Efficient calculation of chiral three-nucleon forces up
                        to N3LO for ab initio studies}",
      journal        = "Phys. Rev.",
      volume         = "C91",
      year           = "2015",
      number         = "4",
      pages          = "044001",
      doi-            = "10.1103/PhysRevC.91.044001",
      eprint-         = "1502.02977",
      SLACcitation   = "%%CITATION = ARXIV:1502.02977;%%"
}
@article{Epel14ekm2,
      author         = "Epelbaum, E. and Krebs, H. and Mei√üner, U. G.",
      title          = "{Precision nucleon-nucleon potential at fifth order in
                        the chiral expansion}",
      journal        = "Phys. Rev. Lett.",
      volume         = "115",
      year           = "2015",
      number         = "12",
      pages          = "122301",
      doi-            = "10.1103/PhysRevLett.115.122301",
      eprint-         = "1412.4623",
      SLACcitation   = "%%CITATION = ARXIV:1412.4623;%%"
}
@article{Epel14ekm1,
      author         = "Epelbaum, E. and Krebs, H. and Mei√üner, U. G.",
      title          = "{Improved chiral nucleon-nucleon potential up to
                        next-to-next-to-next-to-leading order}",
      journal        = "Eur. Phys. J.",
      volume         = "A51",
      year           = "2015",
      number         = "5",
      pages          = "53",
      doi-            = "10.1140/epja/i2015-15053-8",
      eprint-         = "1412.0142",
      SLACcitation   = "%%CITATION = ARXIV:1412.0142;%%"
}
@article{Furn15bayesuq,
      author         = "Furnstahl, R. J. and Klco, N. and Phillips, D. R. and
                        Wesolowski, S.",
      title          = "{Quantifying truncation errors in effective field
                        theory}",
      journal        = "Phys. Rev.",
      volume         = "C92",
      year           = "2015",
      number         = "2",
      pages          = "024005",
      doi-            = "10.1103/PhysRevC.92.024005",
      eprint-         = "1506.01343",
      SLACcitation   = "%%CITATION = ARXIV:1506.01343;%%"
}
@article{Bogn09vlowk,
      author         = "Bogner, S. K. and Furnstahl, R. J. and Schwenk, A.",
      title          = "{From low-momentum interactions to nuclear structure}",
      journal        = "Prog. Part. Nucl. Phys.",
      volume         = "65",
      year           = "2010",
      pages          = "94-147",
      doi-            = "10.1016/j.ppnp.2010.03.001",
      eprint-         = "0912.3688",
      SLACcitation   = "%%CITATION = ARXIV:0912.3688;%%"
}
@article{Epel04chi_nn_n3lo,
      author         = "Epelbaum, E. and Glockle, W. and Meissner, Ulf-G.",
      title          = "{The Two-nucleon system at
                        next-to-next-to-next-to-leading order}",
      journal        = "Nucl. Phys.",
      volume         = "A747",
      year           = "2005",
      pages          = "362-424",
      doi-            = "10.1016/j.nuclphysa.2004.09.107",
      eprint-         = "nucl-th/0405048",
      reportNumber   = "JLAB-THY-04-228, HISKP-TH-04-07, FZJ-IKP-TH-2004-04,
                        HISKP(TH)-04-07",
      SLACcitation   = "%%CITATION = NUCL-TH/0405048;%%"
}
@article{Jurg07srgdec,
      author         = "Jurgenson, E. D. and Bogner, S. K. and Furnstahl, R. J.
                        and Perry, R. J.",
      title          = "{Decoupling in the Similarity Renormalization Group for
                        Nucleon-Nucleon Forces}",
      journal        = "Phys. Rev.",
      volume         = "C78",
      year           = "2008",
      pages          = "014003",
      doi-            = "10.1103/PhysRevC.78.014003",
      eprint-         = "0711.4252",
      SLACcitation   = "%%CITATION = ARXIV:0711.4252;%%"
}

@article{Hebe20habi,
      author         = "Hebeler, Kai",
      title          = "{Three-Nucleon Forces: Implementation and Applications to
                        Atomic Nuclei and Dense Matter}",
      year           = "2020",
      eprint-         = "2002.09548",
      SLACcitation   = "%%CITATION = ARXIV:2002.09548;%%"
}

@article{Mosh59hobr,
      author         = "Moshinsky, Marcos",
      title          = "{Transformation brackets for harmonic oscillator
                        functions}",
      journal        = "Nucl. Phys.",
      volume         = "13",
      year           = "1959",
      number         = "1",
      pages          = "104-116",
      doi-            = "10.1016/0029-5582(59)90143-9",
      SLACcitation   = "%%CITATION = NUPHA,13,104;%%"
}

@article{Buck96hobr,
      author         = "Buck, B. and Merchant, A. C.",
      title          = "{A simple expression for the general oscillator bracket}",
      journal        = "Nucl. Phys. A",
      volume         = "600",
      year           = "1996",
      pages          = "387-402",
      doi-            = "10.1016/0375-9474(96)00035-8",
      SLACcitation   = "%%CITATION = NUPHA,A600,387;%%"
}

@article{Morr15magnus,
      author         = "Morris, T. D. and Parzuchowski, N. and Bogner, S. K.",
      title          = "{Magnus expansion and in-medium similarity
                        renormalization group}",
      journal        = "Phys. Rev.",
      volume         = "C92",
      year           = "2015",
      number         = "3",
      pages          = "034331",
      doi-            = "10.1103/PhysRevC.92.034331",
      eprint-         = "1507.06725",
      SLACcitation   = "%%CITATION = ARXIV:1507.06725;%%"
}

@article{Tsuk10imsrg,
      author         = "Tsukiyama, K. and Bogner, S. K. and Schwenk, A.",
      title          = "{In-Medium Similarity Renormalization Group for Nuclei}",
      journal        = "Phys. Rev. Lett.",
      volume         = "106",
      year           = "2011",
      pages          = "222502",
      doi-            = "10.1103/PhysRevLett.106.222502",
      eprint-         = "1006.3639",
      SLACcitation   = "%%CITATION = ARXIV:1006.3639;%%"
}

@article{Slat29sladet,
      author         = "Slater, J. C.",
      title          = "{The Theory of Complex Spectra}",
      journal        = "Phys. Rev.",
      volume         = "34",
      year           = "1929",
      pages          = "1293-1322",
      doi-            = "10.1103/PhysRev.34.1293",
      SLACcitation   = "%%CITATION = PHRVA,34,1293;%%"
}

% Look for version from INSPIREHEP
@article{Slat28hf,
  title = {The Self Consistent Field and the Structure of Atoms},
  author = {Slater, J. C.},
  journal = {Phys. Rev.},
  volume = {32},
  issue = {3},
  pages = {339--348},
  numpages = {0},
  year = {1928},
  month = {Sep},
  publisher = {American Physical Society},
  doi- = {10.1103/PhysRev.32.339},
  url = {https://link.aps.org/doi/10.1103/PhysRev.32.339}
}

@article{Fock30hf,
  title={N{\"a}herungsmethode zur L{\"o}sung des quantenmechanischen Mehrk{\"o}rperproblems},
  author={Fock, Vladimir},
  journal={Zeitschrift f{\"u}r Physik},
  volume={61},
  number={1-2},
  pages={126--148},
  year={1930},
  publisher={Springer}
}

@article{Hart28hf,
  title={The Wave Mechanics of an Atom with a Non-Coulomb Central Field. Part II. Some Results and Discussion},
  volume={24},
  doi-={10.1017/S0305004100011920},
  number={1},
  journal={Mathematical Proceedings of the Cambridge Philosophical Society},
  publisher={Cambridge University Press},
  author={Hartree, D. R.},
  year={1928},
  pages={111‚Äì132}
}
